@manual{v601,
  author = {TU Dortmund},
  title = {V601, Der Franck-Hertz Vesuch},
}

@online{speedoflight,
  url = {https://de.wikipedia.org/wiki/Lichtgeschwindigkeit},
  urldate = {2021-07-04},
  title = {Lichtgeschwindigkeit},
  year = {2021},
}

@online{plank,
  url = {https://de.wikipedia.org/wiki/Plancksches_Wirkungsquantum},
  urldate = {2021-07-04},
  title = {Plancksches Wirkungsquantum},
  year = {2021},
}

@online{lit,
  url = {https://www.abiweb.de/physik-atomphysik-kernphysik/atomspektren/franck-hertz-versuch.html},
  urldate = {2021-07-04},
  title = {Franck-Hertz-Versuch},
}