@manual{v203,
  author = {TU Dortmund},
  title = {V203, Verdampfungswärme}
}

@online{gasconstant,
  url = {https://de.wikipedia.org/wiki/Gaskonstante},
  urldate = {2021-06-25},
  title = {Gaskonstante},
  year = {2021},
}

@online{avogadro,
  url = {https://de.wikipedia.org/wiki/Avogadro-Konstante},
  urldate = {2021-06-28},
  title = {Avogadro-Konstante},
  year = {2021},
}

@online{lit,
  url = {https://www.energie-lexikon.info/verdampfungswaerme_und_kondensationswaerme.html},
  urldate = {2021-07-02},
  title = {Verdampfungswärme und Kondensationswärme},
  year = {2021},
}